<?xml version="1.0" encoding="UTF-8"?><collection xmlns="http://www.loc.gov/MARC21/slim"><record><leader>00472nam--2200157-i-4500</leader><controlfield tag="001">000005366</controlfield><controlfield tag="002">20161230</controlfield><controlfield tag="005">20170306230247</controlfield><controlfield tag="008">060222s1000------------r-----000-0-eng-d</controlfield><datafield ind1=" " ind2=" " tag="100"><subfield code="a">Denis-Papin, Maurice</subfield></datafield><datafield ind1=" " ind2=" " tag="245"><subfield code="a">Elements de calcul informationnel</subfield></datafield><datafield ind1=" " ind2=" " tag="260"><subfield code="a">Paris</subfield><subfield code="b">Editions Albin Michel</subfield><subfield code="c">1960</subfield></datafield><datafield ind1=" " ind2=" " tag="300"><subfield code="a">124 p</subfield></datafield><datafield ind1=" " ind2=" " tag="490"><subfield code="a">Bivl.De L Ingenieur Electricien-mecanicien Cours De Mathematiques Sup.Appliquees</subfield></datafield><datafield ind1=" " ind2=" " tag="700"><subfield code="a">Cullmann, G</subfield></datafield><datafield ind1=" " ind2=" " tag="CAT"><subfield code="a">SYS</subfield><subfield code="c">20170306</subfield><subfield code="h">230247</subfield></datafield></record></collection>